	@BOOK{Physics4,
      author =       {John D. Cutnell, Kenneth W. Johnson},
      title =        {\it Physics. 4th ed.},
      publisher =    {John Wiley Sons Inc.},
      year =         {1997},
      isbn =         "0471191124",
    }
    
    @BOOK{Lathi,
      author =       "B. P. Lathi",
      title =        "{\it Modern Digital and Analog Communication Systems (3rd edition)}",
      publisher =    "Oxford University Press",
      year =         "1998",
      isbn =         "0-19-511009-9",
    }
    
    @book{Eldar,
  		title={Sampling Theory: Beyond Bandlimited Systems},
  		author={Eldar, Y.C.},
  		isbn={9781107003392},
  		year={2015},
  		publisher={Cambridge University Press}
	}
	
	@book{Mednieks,
  		title={Programming Android: Java Programming for the New Generation of Mobile Devices},
  		author={Mednieks, Z. and Dornin, L. and Meike, G.B. and Nakamura, M.},
  		isbn={9781449358471},
  		year={2012},
  		publisher={O'Reilly Media}
	}
	
	@book{Komatineni,
	  	title={Pro Android 4},
	 	author={Komatineni, S. and MacLean, D.},
	 	isbn={9781430239314},
	  	year={2012},
	  	publisher={Apress}
	}


   @book{Jackson,
	  	title={Android Apps for Absolute Beginners: Covering Android 7},
	  	author={Jackson, W.},
	 	isbn={9781484222683},
	  	year={2017},
	  	publisher={Apress}
	}
	
  @book{Bracewell,
      title={Fourier Analysis and Imaging},
      author={Bracewell, R.},
  	  isbn={9780306481871},
      year={2004},
      publisher={Springer US}
  }
  @book{Thornsby,
      title={Android UI Design},
  	  author={Thornsby, J.},
  	  isbn={9781785888625},
      year={2016},
      publisher={Packt Publishing}
  }



    
   